<record><leader>00000cas a22000007a 4500</leader><controlfield tag="001">14634622</controlfield><controlfield tag="008">861104d188u19uutxuwr ne      0    0eng d</controlfield><datafield ind1=" " ind2=" " tag="010"><subfield code="a">sn 86089969 </subfield></datafield><datafield ind1=" " ind2=" " tag="040"><subfield code="a">PPM</subfield><subfield code="b">eng</subfield><subfield code="c">PPM</subfield><subfield code="d">OCLCQ</subfield></datafield><datafield ind1=" " ind2=" " tag="042"><subfield code="a">msc</subfield></datafield><datafield ind1="0" ind2="4" tag="245"><subfield code="a">The Palo Pinto County star.</subfield></datafield><datafield ind1=" " ind2=" " tag="260"><subfield code="a">Strawn, Tex. :</subfield><subfield code="b">J.C. Son</subfield></datafield><datafield ind1=" " ind2=" " tag="300"><subfield code="a">v. :</subfield><subfield code="b">ill. ;</subfield><subfield code="c">53 cm.</subfield></datafield><datafield ind1=" " ind2=" " tag="310"><subfield code="a">Weekly</subfield></datafield><datafield ind1=" " ind2=" " tag="500"><subfield code="a">Continues numbering of: Palo Pinto star (Palo Pinto, Tex.).</subfield></datafield><datafield ind1=" " ind2=" " tag="500"><subfield code="a">Published in Strawn, Tex. : -&lt;Nov. 22, 1890&gt;; published in Palo Pinto, Tex. : &lt;Dec. 13, 1890&gt;-</subfield></datafield><datafield ind1=" " ind2=" " tag="588"><subfield code="a">Description based on: Vol. 13, no. 44 (Apr. 26, 1889).</subfield></datafield><datafield ind1=" " ind2=" " tag="752"><subfield code="a">United States</subfield><subfield code="b">Texas</subfield><subfield code="c">Palo Pinto</subfield><subfield code="d">Palo Pinto.</subfield></datafield><datafield ind1=" " ind2=" " tag="752"><subfield code="a">United States</subfield><subfield code="b">Texas</subfield><subfield code="c">Palo Pinto</subfield><subfield code="d">Strawn.</subfield></datafield><datafield ind1="0" ind2="0" tag="780"><subfield code="t">Palo Pinto star</subfield><subfield code="w">(DLC)sn 86089968</subfield></datafield></record>